@article{newsonDynamicsCarriersPhotoinjected2010a,
  title = {Dynamics of Carriers and Photoinjected Currents in Carbon Nanotubes and Graphene},
  author = {Newson, Ryan},
  date = {2010-01}
}